<record><leader>00000cas a22000007a 4500</leader><controlfield tag="001">11644399</controlfield><controlfield tag="008">850131d18831912wiuwr ne      0    0eng d</controlfield><datafield ind1=" " ind2=" " tag="010"><subfield code="a">sn 85040074 </subfield></datafield><datafield ind1=" " ind2=" " tag="040"><subfield code="a">NPV</subfield><subfield code="b">eng</subfield><subfield code="c">NPV</subfield><subfield code="d">OCLCQ</subfield></datafield><datafield ind1=" " ind2=" " tag="042"><subfield code="a">msc</subfield></datafield><datafield ind1=" " ind2=" " tag="043"><subfield code="a">n-us-wi</subfield></datafield><datafield ind1=" " ind2=" " tag="045"><subfield code="a">w8x1</subfield></datafield><datafield ind1=" " ind2=" " tag="052"><subfield code="a">4123</subfield><subfield code="b">W2</subfield></datafield><datafield ind1="0" ind2=" " tag="130"><subfield code="a">Herald (Lake Geneva, Wis. : 1883)</subfield></datafield><datafield ind1="1" ind2="4" tag="245"><subfield code="a">The herald.</subfield></datafield><datafield ind1="3" ind2="0" tag="246"><subfield code="a">Lake Geneva herald</subfield><subfield code="f">Apr. 16, 1897-1912</subfield></datafield><datafield ind1=" " ind2=" " tag="260"><subfield code="a">Lake Geneva, Walworth County, Wis. :</subfield><subfield code="b">J.E. Heg,</subfield><subfield code="c">1883-1912.</subfield></datafield><datafield ind1=" " ind2=" " tag="300"><subfield code="a">29 v. :</subfield><subfield code="b">ill.</subfield></datafield><datafield ind1=" " ind2=" " tag="310"><subfield code="a">Weekly</subfield></datafield><datafield ind1="0" ind2=" " tag="362"><subfield code="a">Vol. 12, no. 1 (Apr. 20, 1883)-v. 40, no. 52 (Mar. 29, 1912) = whole no. 573-whole no. 2074.</subfield></datafield><datafield ind1=" " ind2=" " tag="500"><subfield code="a">Special "Women's edition" published May 31, 1895.</subfield></datafield><datafield ind1=" " ind2=" " tag="500"><subfield code="a">Editor: J.E. Heg, Apr. 20, 1883-July 5, 1895.--J.E. Nethercut, July 12, 1895-1912.</subfield></datafield><datafield ind1=" " ind2=" " tag="525"><subfield code="a">Supplements accompany some issues.</subfield></datafield><datafield ind1=" " ind2=" " tag="530"><subfield code="a">Available on microfilm from The State Historical Society of Wisconsin.</subfield></datafield><datafield ind1=" " ind2=" " tag="752"><subfield code="a">United States</subfield><subfield code="b">Wisconsin</subfield><subfield code="c">Walworth</subfield><subfield code="d">Lake Geneva.</subfield></datafield><datafield ind1="0" ind2="0" tag="780"><subfield code="t">Lake Geneva herald (Lake Geneva, Wis. : 1879)</subfield><subfield code="w">(DLC)sn 85040073</subfield></datafield><datafield ind1="0" ind2="0" tag="785"><subfield code="t">Lake Geneva herald (Lake Geneva, Wis. : 1912)</subfield><subfield code="w">(DLC)sn 85040075</subfield></datafield><datafield ind1="1" ind2=" " tag="029"><subfield code="a">AU@</subfield><subfield code="b">000025796503</subfield></datafield></record>